<marc:record xmlns:marc="http://www.loc.gov/MARC21/slim" xmlns:xsi="http://www.w3.org/2001/XMLSchema-instance" xsi:schemaLocation="http://www.loc.gov/MARC21/slim http://www.loc.gov/standards/marcxml/schema/MARC21slim.xsd">
  <marc:leader>     cam a2200277ua 45M</marc:leader>
  <marc:controlfield tag="001">001680054</marc:controlfield>
  <marc:controlfield tag="003">NNU</marc:controlfield>
  <marc:controlfield tag="005">20001218221853.0</marc:controlfield>
  <marc:controlfield tag="008">950907s1948    le       b    001 0 ara d</marc:controlfield>
  <marc:datafield tag="035" ind1="9" ind2=" ">
    <marc:subfield code="a">NYUb12223452</marc:subfield>
  </marc:datafield>
  <marc:datafield tag="035" ind1=" " ind2=" ">
    <marc:subfield code="a">(NjP)notisCBX0759</marc:subfield>
  </marc:datafield>
  <marc:datafield tag="035" ind1=" " ind2=" ">
    <marc:subfield code="a">(CStRLIN)NJPG95-B56044</marc:subfield>
  </marc:datafield>
  <marc:datafield tag="040" ind1=" " ind2=" ">
    <marc:subfield code="a">NjP</marc:subfield>
    <marc:subfield code="c">NjP</marc:subfield>
  </marc:datafield>
  <marc:datafield tag="043" ind1=" " ind2=" ">
    <marc:subfield code="a">aw-----</marc:subfield>
  </marc:datafield>
  <marc:datafield tag="100" ind1="1" ind2=" ">
    <marc:subfield code="a">Farrūkh, ʻUmar,</marc:subfield>
    <marc:subfield code="d">1906-</marc:subfield>
  </marc:datafield>
  <marc:datafield tag="245" ind1="1" ind2="0">
    <marc:subfield code="a">Ḥakīm al-Maʻarrah :</marc:subfield>
    <marc:subfield code="b">Aḥmad ibn ʻAbd Allāh ibn Sulaymān al-Maʻarrī /</marc:subfield>
    <marc:subfield code="c">taʼlīf ʻUmar Farrūkh.</marc:subfield>
  </marc:datafield>
  <marc:datafield tag="246" ind1="1" ind2="3">
    <marc:subfield code="a">Sage of al-Maʻarra</marc:subfield>
  </marc:datafield>
  <marc:datafield tag="250" ind1=" " ind2=" ">
    <marc:subfield code="a">al-Ṭabʻah 2.</marc:subfield>
  </marc:datafield>
  <marc:datafield tag="260" ind1=" " ind2=" ">
    <marc:subfield code="a">Bayrūt :</marc:subfield>
    <marc:subfield code="b">Maṭbaʻat al-Kashshāf,</marc:subfield>
    <marc:subfield code="c">1948.</marc:subfield>
  </marc:datafield>
  <marc:datafield tag="300" ind1=" " ind2=" ">
    <marc:subfield code="a">135 p. ;</marc:subfield>
    <marc:subfield code="c">24 cm.</marc:subfield>
  </marc:datafield>
  <marc:datafield tag="490" ind1="0" ind2=" ">
    <marc:subfield code="a">Silsilat al-Kashshāf al-adabīyah ;</marc:subfield>
    <marc:subfield code="v">8</marc:subfield>
  </marc:datafield>
  <marc:datafield tag="504" ind1=" " ind2=" ">
    <marc:subfield code="a">Includes bibliographical references and index.</marc:subfield>
  </marc:datafield>
  <marc:datafield tag="600" ind1="0" ind2="0">
    <marc:subfield code="a">Abū al-ʻAlāʼ al-Maʻarrī,</marc:subfield>
    <marc:subfield code="d">973-1057.</marc:subfield>
  </marc:datafield>
  <marc:datafield tag="650" ind1=" " ind2="0">
    <marc:subfield code="a">Poets, Arab</marc:subfield>
    <marc:subfield code="z">Islamic Empire</marc:subfield>
    <marc:subfield code="v">Biography.</marc:subfield>
  </marc:datafield>
  <marc:datafield tag="950" ind1=" " ind2=" ">
    <marc:subfield code="l">BMAIN</marc:subfield>
    <marc:subfield code="a">PJ7750.A25</marc:subfield>
    <marc:subfield code="b">Z6 1948</marc:subfield>
  </marc:datafield>
  <marc:datafield tag="955" ind1=" " ind2=" ">
    <marc:subfield code="l">BMAIN</marc:subfield>
    <marc:subfield code="c">1</marc:subfield>
    <marc:subfield code="r">007887642</marc:subfield>
  </marc:datafield>
  <marc:datafield tag="998" ind1=" " ind2=" ">
    <marc:subfield code="s">9124</marc:subfield>
  </marc:datafield>
</marc:record>
